@misc{stroetmann,
	author= {Prof. Dr. Karl Stroetmann},
	title={Artificial-Intelligence - Lecture Nodes},
	language={Englisch},
	url = {https://github.com/karlstroetmann/Artificial-Intelligence/tree/master/Lecture-Notes},
	note={Zuletzt aufgerufen am: 26. Juli 2017}
}
@misc{SelbyNN,
	author = {David Selby},
	title = {Building a neural Network from scratch in R},
	date = {09. Januar 2018},
	url = {https://selbydavid.com/2018/01/09/neural-network/},
	language = {Englisch},
	note={Zuletzt aufgerufen am: 28. Mai 2018}
}

@misc{BiasTypes,
	title={B wie Bias},
	author= {Stella Pfeifer},
	date= {8. Mai 2018},
	language={Deutsch},
	note={Zuletzt aufgerufen am: 28. Mai 2018},
	url={https://blog.eoda.de/2018/05/08/b-wie-bias/#more-4991}
}

@misc{DennyNN,
	author = {Denny Britz},
	title = {Building a neural Network from scratch},
	date = {03. September 2015},
	url = {http://www.wildml.com/2015/09/implementing-a-neural-network-from-scratch/},
	language = {Englisch},
	note={Zuletzt aufgerufen am: 28. Mai 2018}
}

@article{AdaDelta,
	author = {Matthew D. Zeiler},
	type= {Whitepaper},
	title = {AdaDelta: an adaptive learningrate method},
	language = {Englisch},
	date={22. Dezember 2012},
	year={2012}
}

@misc{GreenTaxis,
	author = {John Giuffo},
	title = {NYC's New Green Taxis: What You Should Know},
	date = {30. September 2013},
	url = {https://www.forbes.com/sites/johngiuffo/2013/09/30/nycs-new-green-taxis-what-you-should-know/#5ca3d25732a2},
	language = {Englisch},
	note={Zuletzt aufgerufen am: 5. Juni 2018}
}
@misc{SourceTaxi,
	author = {NYC Gov},
	title = {TLC Trip Record Data},
	date = {09. August 2017},
	url = {http://www.nyc.gov/html/tlc/html/about/trip_record_data.shtml},
	language = {Englisch},
	note={Zuletzt aufgerufen am: 5. Juni 2018}
}

@misc{DataDicYellow,
	author = {NYC Gov},
	title = {TLC Trip Record Data},
	date = {09. August 2017},
	url = {http://www.nyc.gov/html/tlc/downloads/pdf/data_dictionary_trip_records_yellow.pdf},
	language = {Englisch},
	note={Zuletzt aufgerufen am: 5. Juni 2018}
}

@misc{SourceWeather,
	author = {NOAA},
	title = {Land-Based Station Data},
	date = {Juni 2018},
	url = {https://www.ncdc.noaa.gov/data-access/land-based-station-data},
	language = {Englisch},
	note={Zuletzt aufgerufen am: 5. Juni 2018}
}

@misc{ WrongymcWrong,
	author = {John M. Darley},
	co-author ={Paget H. Gross},
	institution={Princeton University},
	title = {A Hypothesis-Confirming Bias in Labeling Effects}
}
@article{ConfirmationBias,
	author = {John M. Darley},
	co-author ={Paget H. Gross},
	journaltitle = {Journal of Personality and Social Psychology},
	year = {1984},
	title = {A Hypothesis-Confirming Bias in Labeling Effects},
	language = {Englisch},
	volume = {44},
	pages = {20-33},
}
@misc{SelectionBias,
	author = {National Cancer Institute},
	title = {NCI Dictionary of Cancer Terms- Selection Bias},
	subtitle = {Selection Bias},
	date = {Juni 2018},
	url = {https://www.cancer.gov/publications/dictionaries/cancer-terms/def/selection-bias},
	language = {Englisch},
	note={Zuletzt aufgerufen am: 7. Juni 2018}
}
@misc{RevoScaleR,
	author = {Heidi Steen},
	title = {RevoScaleR package},
	corporation = {Microsoft},
	date = {29. Januar 2018},
	url = {https://docs.microsoft.com/en-us/machine-learning-server/r-reference/revoscaler/revoscaler},
	language = {Englisch},
	note={Zuletzt aufgerufen am: 7. Juni 2018}
}

@misc{RSNNSDoku,
	author = {Christoph Bergmeir},
	title = {Package ‘RSNNS’},
	corporation = {Microsoft},
	date = {10. Dezember 2017},
	url = {https://cran.r-project.org/web/packages/RSNNS/RSNNS.pdf},
	language = {Englisch},
	note={Zuletzt aufgerufen am: 7. Juni 2018}
}

@misc{GithubMLServer,
	title = {ML-Server},
	author = {Microsoft},
	date = {23. April 2018},
	url = {https://github.com/Microsoft/ML-Server},
	language = {Englisch},
	note={Zuletzt aufgerufen am: 7. Juni 2018 (Date of the last commit)}
}
@misc{colah,
	date={31.August 2015},
	author={Christopher Olah},
	url={http://colah.github.io/posts/2015-08-Backprop/},
	title = {Calculus on Computational Graphs: Backpropagation},
	note={Zuletzt aufgerufen am: 26. Juli 2018}
}
@misc{jurcp,
	url={http://www.jurpc.de/jurpc/show?id=19990187},
	note={Zuletzt aufgerufen am: 26. Juli 2018},
	author={Nikolaus Petry},
	title={Fuzzy Logik und neuronale Netze},
	date={17. Dezember 1999}
}
@misc{singleNeuron,
	url={http://caisplusplus.usc.edu/blog/curriculum/lesson4},
	note={Zuletzt aufgerufen am: 26. Juli 2018},
	author={CAIS++},
	title={Lesson 4: Neural Networks, Part 1 (Architecture)},
	date={30 Juli 2017}
}
@misc{sigmoid,
	url={https://towardsdatascience.com/activation-functions-neural-networks-1cbd9f8d91d6},
	note={Zuletzt aufgerufen am: 02. August 2018},
	author={Sagar Sharma},
	title={Activation Functions: Neural Networks},
	date={06. September 2017}
}

@misc{BiasVarianceDilemma,
	url={http://scott.fortmann-roe.com/docs/BiasVariance.html},
	note={Zuletzt aufgerufen am: 02. August 2018},
	author={Scott Fortmann-Roe},
	title={Understanding the Bias-Variance Tradeoff},
	date={June 2012}
}
@misc{OptimizationFunction,
	url={http://ruder.io/optimizing-gradient-descent/},
	note={Zuletzt aufgerufen am: 02. August 2018},
	author={Sebastian Ruder},
	title={Understanding the Bias-Variance Tradeoff},
	date={09. Februar 2018},
	language={Englisch}
}
@misc{Softmax,
	url={https://www.quora.com/Why-is-softmax-activate-function-called-softmax},
	note={Zuletzt aufgerufen am: 02. Juli 2018},
	author={Abhishek Patnia},
	title={Why is softmax activate function called softmax?},
	date= {28. Mai 2017}
}
@misc{GDQuora,
	url={https://www.quora.com/Why-does-mean-normalization-help-in-gradient-descent},
	note={Zuletzt aufgerufen am: 07. August 2018},
	author={Daniel Hammak},
	title={Why does mean normalization help in gradient descent?},
	date= {28. Juli 2013}
}
@misc{GDBoost,
	url={https://www.robertoreif.com/blog/2017/12/21/importance-of-feature-scaling-in-data-modeling-part-2},
	note={Zuletzt aufgerufen am: 07. August 2018},
	author={Roberto Reif},
	title={Importance of Feature Scaling in Data Modeling (Part 2)},
	date= {7. Januar 2018}
}

@manual{RIntro,
	author={W. N. Venables, D. M. Smith},
	title={An Introduction to R - Notes on R: A Programming Environment for Data Analysis and Graphics},
	subtitle={Notes on R: A Programming Environment for Data Analysis and Graphics},
	edition={3.5.1},
	adress={},
	year={2018},
	date={02. Juli 2018}
}
@misc{RProject,
	author={The R Foundation},
	url={https://www.r-project.org/about.html},
	note={Zuletzt aufgerufen am: 06. August 2018},
	title={What is R?}
}
@misc{MLServerInfo,
	note={Zuletzt aufgerufen am: 06. August 2018},
	url={https://docs.microsoft.com/en-us/machine-learning-server/what-is-machine-learning-server},
	author={Microsoft},
	title={Welcome to Machine Learning Server},
	date={16. Februar 2018}
}

@book{SQLData,
	author={Buck Woody},
	title={Data Science with Microsoft SQL Server 2016},
	corporation={Microsoft},
	ISBN={ 978-1-5093-0431-8},
	year={2016}
}
@misc{ArtScience,
	note={Zuletzt aufgerufen am: 19. September 2018},
	url={https://heartbeat.fritz.ai/spherical-cows-why-do-neural-networks-work-e329f9b006f6},
	author={James Toole},
	title={Spherical cows: Why do neural networks work?},
	date={7. Dezember 2017}
}
@misc{BPK,
	url={https://wissenschafts-thurm.de/grundlagen-der-statistik-zusammenhangsmasse-der-bravais-pearson-korrelationskoeffizient/},
	note={Zuletzt aufgerufen am: 19. September 2018},
	title={GRUNDLAGEN DER STATISTIK: ZUSAMMENHANGSMASSE – DER BRAVAIS-PEARSON-KORRELATIONSKOEFFIZIENT},
	author={Christian Reinboth}
}
@article{SQLServerWP,
	date={September 2017},
	author={Microsoft},
	title={Microsoft SQL Server 2017 - Technical white paper},
	year={2017}
}

